% Encoding: UTF-8

@Article{MDCP2015,
  author  = {Tim A. Majchrzak and Jan Ernsting and Herbert Kuchen},
  title   = {Model-Driven Cross-Platform Apps: Towards Business Practicability},
  journal = {Proceedings of the CAiSE 2015 Forum at the 27th International Conference on Advanced Information Systems Engineering (CAiSE 2015)},
  year    = {2015},
}

@Article{DSLMD2_2013,
  author  = {Henning Heitk\"otter and Tim A. Majchrzak and Herbert Kuchen},
  title   = {MD2-DSL – eine domänenspezifische Sprache zur Beschreibung und Generierung mobiler Anwendungen},
  journal = {Proceedings der 6. Arbeitstagung Programmiersprachen (ATPS), Software Engineering},
  year    = {2013},
}

@TechReport{Handbookmd2,
  author      = {Herbert Kuchen and Jan Ernsting},
  title       = {MD2 – Handbook},
  institution = {University of M\"unster},
  year        = {2015},
}

@Misc{backclose,
  author    = {Hasan Basri},
  year      = {2015},
  note      = {https://gist.github.com/CreatorB/99cdb013a4888453b8a0 (Zugriff: 04.01.2018)},
  timestamp = {2018-01-04},
  url       = {https://gist.github.com/CreatorB/99cdb013a4888453b8a0},
}

@Comment{jabref-meta: databaseType:bibtex;}
